<record><leader>00000cas a22000007a 4500</leader><controlfield tag="001">12439935</controlfield><controlfield tag="008">850829d1889190ualuwr ne      0    0eng d</controlfield><datafield ind1=" " ind2=" " tag="010"><subfield code="a">sn 85044889 </subfield></datafield><datafield ind1=" " ind2=" " tag="040"><subfield code="a">CPN</subfield><subfield code="b">eng</subfield><subfield code="c">CPN</subfield><subfield code="d">OCLCQ</subfield></datafield><datafield ind1=" " ind2=" " tag="042"><subfield code="a">msc</subfield></datafield><datafield ind1="0" ind2="0" tag="245"><subfield code="a">Blount county news-dispatch.</subfield></datafield><datafield ind1="1" ind2="7" tag="246"><subfield code="a">News-dispatch</subfield></datafield><datafield ind1=" " ind2=" " tag="260"><subfield code="a">Blountsville, Ala. :</subfield><subfield code="b">News &amp; Dispatch Pub. Co.,</subfield><subfield code="c">1889-</subfield></datafield><datafield ind1=" " ind2=" " tag="310"><subfield code="a">Weekly</subfield></datafield><datafield ind1="0" ind2=" " tag="362"><subfield code="a">New ser. vol. 4, no. 8 (May 23, 1889) = old ser. v. 13, no. 11-new ser. v. 5, no. 2 (Jan. 5, 1893) = old ser. v. 16, no. 42 ; v. 16, no. 43 (Jan. 12, 1893)-</subfield></datafield><datafield ind1=" " ind2=" " tag="500"><subfield code="a">Published in Oneonta, Ala., &lt;Jan. 1890-&gt;.</subfield></datafield><datafield ind1=" " ind2=" " tag="752"><subfield code="a">United States</subfield><subfield code="b">Alabama</subfield><subfield code="c">Blount</subfield><subfield code="d">Blountsville.</subfield></datafield><datafield ind1=" " ind2=" " tag="752"><subfield code="a">United States</subfield><subfield code="b">Alabama</subfield><subfield code="c">Blount</subfield><subfield code="d">Oneonta.</subfield></datafield><datafield ind1="0" ind2="0" tag="780"><subfield code="t">Blount county news</subfield><subfield code="w">(DLC)sn 85044610</subfield></datafield></record>